<record><leader>00000cas a2200000   4500</leader><controlfield tag="001">5049469</controlfield><controlfield tag="008">790608c19uu9999miumr ne      0   a0eng d</controlfield><controlfield tag="009">467</controlfield><datafield ind1=" " ind2=" " tag="010"><subfield code="a">sn 79003015 </subfield></datafield><datafield ind1=" " ind2=" " tag="040"><subfield code="a">NSD</subfield><subfield code="b">eng</subfield><subfield code="c">NSD</subfield><subfield code="d">OCL</subfield><subfield code="d">OCLCQ</subfield></datafield><datafield ind1=" " ind2=" " tag="012"><subfield code="k">1</subfield><subfield code="m">c</subfield></datafield><datafield ind1="1" ind2=" " tag="022"><subfield code="a">0192-6691</subfield><subfield code="l">0192-6691</subfield><subfield code="2">1</subfield></datafield><datafield ind1=" " ind2=" " tag="032"><subfield code="a">323290</subfield><subfield code="b">USPS</subfield></datafield><datafield ind1=" " ind2=" " tag="042"><subfield code="a">nsdp</subfield></datafield><datafield ind1=" " ind2="4" tag="222"><subfield code="a">The Pointer</subfield><subfield code="b">(Grosse Pointe Woods)</subfield></datafield><datafield ind1="0" ind2="4" tag="245"><subfield code="a">The Pointer.</subfield></datafield><datafield ind1=" " ind2=" " tag="260"><subfield code="a">[Grosse Pointe Woods,</subfield><subfield code="b">P.D. McCarthy]</subfield></datafield><datafield ind1=" " ind2=" " tag="936"><subfield code="a">Apr. 1979</subfield></datafield></record>